@INPROCEEDINGS{Morse97datadistribution,
    author = {Katherine L. Morse and Jeffrey S. Steinman},
    title = {DATA DISTRIBUTION MANAGEMENT IN THE HLA - Multidimensional Regions and Physically Correct Filtering},
    booktitle = {In Proceedings of the 1997 Spring Simulation Interoperability Workshop},
    year = {1997},
    pages = {343--352},
    publisher = {Spring}
}